<?xml version="1.0" encoding="UTF-8"?><collection xmlns="http://www.loc.gov/MARC21/slim"><record><leader>00397nam--2200145-i-4500</leader><controlfield tag="001">000025537</controlfield><controlfield tag="002">20161230</controlfield><controlfield tag="005">20161230201036</controlfield><controlfield tag="008">060222s1000------------r-----000-0-eng-d</controlfield><datafield ind1=" " ind2=" " tag="080"><subfield code="a">541</subfield></datafield><datafield ind1=" " ind2=" " tag="100"><subfield code="a">Julg, A</subfield></datafield><datafield ind1=" " ind2=" " tag="245"><subfield code="a">Chimie quantique. deuxieme edition augmentee du cours de chimie theorique</subfield></datafield><datafield ind1=" " ind2=" " tag="260"><subfield code="a">Paris, Dunod, 1967, Viii + 444p</subfield></datafield><datafield ind1=" " ind2=" " tag="490"><subfield code="a">Maitrise De Chimie Physique</subfield></datafield><datafield ind1=" " ind2=" " tag="852"><subfield code="a">28373</subfield></datafield></record></collection>